@article{zbontar2018fastmri,
  title={fastMRI: An Open Dataset and Benchmarks for Accelerated MRI},
  author={Zbontar, Jure and Knoll, Florian and Sriram, Anuroop and Muckley, Matthew J and Bruno, Mary and Defazio, Aaron and Parente, Marc and Geras, Krzysztof J and Katsnelson, Joe and Chandarana, Hersh and others},
  journal={arXiv preprint arXiv:1811.08839},
  year={2018}
}

@article{tygert2018simulating,
  title={Simulating single-coil MRI from the responses of multiple coils},
  author={Tygert, Mark and Zbontar, Jure},
  journal={arXiv preprint arXiv:1811.08026},
  year={2018}
}

@article{tygert2018compressed,
  title={Compressed sensing with a jackknife and a bootstrap},
  author={Tygert, Mark and Ward, Rachel and Zbontar, Jure},
  journal={arXiv preprint arXiv:1809.06959},
  year={2018}
}

@article{provodin2016fast,
  title={Fast incremental learning for off-road robot navigation},
  author={Provodin, Artem and Torabi, Liila and Flepp, Beat and LeCun, Yann and Sergio, Michael and Jackel, Lawrence D and Muller, Urs and Zbontar, Jure},
  journal={arXiv preprint arXiv:1606.08057},
  year={2016}
}

@article{zbontar2016stereo,
  title={Stereo matching by training a convolutional neural network to compare image patches},
  author={Zbontar, Jure and LeCun, Yann},
  journal={Journal of Machine Learning Research},
  volume={17},
  number={1-32},
  pages={2},
  year={2016}
}

@inproceedings{zbontar2015computing,
  title={Computing the stereo matching cost with a convolutional neural network},
  author={Zbontar, Jure and LeCun, Yann},
  booktitle={Proceedings of the IEEE conference on computer vision and pattern recognition},
  pages={1592--1599},
  year={2015}
}

@article{demvsar2013orange,
  title={Orange: data mining toolbox in Python},
  author={Dem{\v{s}}ar, Janez and Curk, Toma{\v{z}} and Erjavec, Ale{\v{s}} and Gorup, {\v{C}}rt and Ho{\v{c}}evar, Toma{\v{z}} and Milutinovi{\v{c}}, Mitar and Mo{\v{z}}ina, Martin and Polajnar, Matija and Toplak, Marko and Stari{\v{c}}, An{\v{z}}e and Jure Zbontar and others},
  journal={The Journal of Machine Learning Research},
  volume={14},
  number={1},
  pages={2349--2353},
  year={2013},
  publisher={JMLR. org}
}

@inproceedings{zbontar2012team,
  title={Team ULjubljanaâ€™s Solution to the JRS 2012 Data Mining Competition},
  author={Zbontar, Jure and Zitnik, Marinka and Zidar, Miha and Majcen, Gregor and Potocnik, Matic and Zupan, Blaz},
  booktitle={Rough Sets and Current Trends in Computing},
  pages={471--478},
  year={2012},
  organization={Springer}
}
